<record><leader>00000cas a22000007a 4500</leader><controlfield tag="001">21349798</controlfield><controlfield tag="008">900409c19249999nhuwr ne      0   a0eng d</controlfield><datafield ind1=" " ind2=" " tag="010"><subfield code="a">sn 90062323 </subfield></datafield><datafield ind1=" " ind2=" " tag="040"><subfield code="a">PSM</subfield><subfield code="b">eng</subfield><subfield code="c">PSM</subfield><subfield code="d">NVH</subfield><subfield code="d">OCLCQ</subfield></datafield><datafield ind1=" " ind2=" " tag="042"><subfield code="a">msc</subfield></datafield><datafield ind1="0" ind2="0" tag="245"><subfield code="a">Carroll county independent Carroll county pioneer.</subfield></datafield><datafield ind1="3" ind2="0" tag="246"><subfield code="a">Carroll county independent and pioneer</subfield></datafield><datafield ind1="1" ind2="3" tag="246"><subfield code="a">Carroll county independent and Carroll county pioneer</subfield></datafield><datafield ind1=" " ind2=" " tag="260"><subfield code="a">Center Ossipee, N.H. :</subfield><subfield code="b">Carroll County Independent</subfield></datafield><datafield ind1=" " ind2=" " tag="300"><subfield code="a">v.</subfield></datafield><datafield ind1=" " ind2=" " tag="310"><subfield code="a">Weekly</subfield></datafield><datafield ind1="0" ind2=" " tag="362"><subfield code="a">Vol. 40, no. 47 (July 18, 1924)-</subfield></datafield><datafield ind1=" " ind2=" " tag="500"><subfield code="a">Title varies intermittently 1973-1977: Carroll county independent and pioneer.</subfield></datafield><datafield ind1=" " ind2=" " tag="752"><subfield code="a">United States</subfield><subfield code="b">New Hampshire</subfield><subfield code="c">Carroll</subfield><subfield code="d">Center Ossipee.</subfield></datafield><datafield ind1="0" ind2="0" tag="780"><subfield code="t">Carroll county pioneer</subfield><subfield code="w">(DLC)sn 90062324</subfield></datafield></record>